@article{nadeau2007survey,
  title={A survey of named entity recognition and classification},
  author={Nadeau, David and Sekine, Satoshi},
  journal={Lingvisticae Investigationes},
  volume={30},
  number={1},
  pages={3--26},
  year={2007},
  publisher={John Benjamins publishing company}
}

@inproceedings{rish2001empirical,
  title={An empirical study of the naive Bayes classifier},
  author={Rish, Irina},
  booktitle={IJCAI 2001 workshop on empirical methods in artificial intelligence},
  volume={3},
  number={22},
  pages={41--46},
  year={2001},
  organization={IBM New York}
}

@article{Weka,
 author = {Hall, Mark and Frank, Eibe and Holmes, Geoffrey and Pfahringer, Bernhard and Reutemann, Peter and Witten, Ian H.},
 title = {The WEKA Data Mining Software: An Update},
 journal = {SIGKDD Explor. Newsl.},
 issue_date = {June 2009},
 volume = {11},
 number = {1},
 month = nov,
 year = {2009},
 issn = {1931-0145},
 pages = {10--18},
 numpages = {9},
 url = {http://doi.acm.org/10.1145/1656274.1656278},
 doi = {10.1145/1656274.1656278},
 acmid = {1656278},
 publisher = {ACM},
 address = {New York, NY, USA},
}
